@ARTICLE{sys_map,
  author={Chevtchenko, Sérgio F. and Rocha, Elisson Da Silva and Santos, Monalisa Cristina Moura Dos and Mota, Ricardo Lins and Vieira, Diego Moura and De Andrade, Ermeson Carneiro and De Araújo, Danilo Ricardo Barbosa},
  journal={IEEE Access}, 
  title={Anomaly Detection in Industrial Machinery Using IoT Devices and Machine Learning: A Systematic Mapping}, 
  year={2023},
  volume={11},
  number={},
  pages={128288-128305},
  keywords={Anomaly detection;Machinery;Predictive maintenance;Systematics;Industrial Internet of Things;Machine learning;Industries;Ecosystems;Anomaly detection;IoT ecosystems;machine learning;mapping study},
  doi={10.1109/ACCESS.2023.3333242}}

@ARTICLE{adaline,
author = {Bengherbia, Billel and Kara, Reda and Toubal, Abdelmoughni and Ould Zmirli, Mohamed and Chadli, Samir and Wira, Patrice},
year = {2020},
month = {05},
pages = {107960},
title = {FPGA implementation of a wireless sensor node with a built-in ADALINE neural network coprocessor for vibration analysis and fault diagnosis in machine condition monitoring},
volume = {163},
journal = {Measurement},
doi = {10.1016/j.measurement.2020.107960}
}

@ARTICLE{s22010291,
author = {Jakubowski, Jakub and Stanisz, Przemysław and Bobek, Szymon and Nalepa, Grzegorz J.},
title = {Anomaly Detection in Asset Degradation Process Using Variational Autoencoder and Explanations},
journal = {Sensors},
volume = {22},
year = {2022},
number = {1},
article-number = {291},
issn = {1424-8220},
doi = {10.3390/s22010291}
}

@INPROCEEDINGS{9843528,
  author={Hong, Seong Hyeon and Kyzer, Tristan and Cornelius, Jackson and Zahiri, Feraidoon and Wang, Yi},
  booktitle={2022 IEEE Aerospace Conference (AERO)}, 
  title={Intelligent Anomaly Detection of Robot Manipulator based on Energy Consumption Auditing}, 
  year={2022},
  volume={},
  number={},
  pages={1-11},
  keywords={Energy consumption;Supervised learning;Manipulators;Security;Task analysis;Monitoring;Anomaly detection},
  doi={10.1109/AERO53065.2022.9843528}
}

@ARTICLE{9462147,
  author={Assafo, Maryam and Langendörfer, Peter},
  journal={IEEE Access}, 
  title={A TOPSIS-Assisted Feature Selection Scheme and SOM-Based Anomaly Detection for Milling Tools Under Different Operating Conditions}, 
  year={2021},
  volume={9},
  number={},
  pages={90011-90028},
  keywords={Tools;Feature extraction;Anomaly detection;Data models;Milling;Predictive maintenance;Task analysis;Anomaly detection;condition monitoring;feature selection;one-class classification;predictive maintenance;self-organizing feature maps;TOPSIS},
  doi={10.1109/ACCESS.2021.3091476}
}

@ARTICLE{9529174,
  author={Żabiński, Tomasz and Hajduk, Zbigniew and Kluska, Jacek and Gniewek, Lesław},
  journal={IEEE Access}, 
  title={FPGA-Embedded Anomaly Detection System for Milling Process}, 
  year={2021},
  volume={9},
  number={},
  pages={124059-124069},
  keywords={Milling;Anomaly detection;Field programmable gate arrays;Tools;Vibrations;Feature extraction;Real-time systems;Anomaly detection;autoencoder;field-programmable gate array;vibration analysis},
  doi={10.1109/ACCESS.2021.3110479}}

@ARTICLE{9775810,
  author={Zhu, Rong and Peng, Weiwen and Han, Yu and Huang, Cheng-Geng},
  journal={IEEE Sensors Journal}, 
  title={Intelligent Health Monitoring of Machine Tools Using a Bayesian Multibranch Neural Network}, 
  year={2022},
  volume={22},
  number={12},
  pages={12183-12196},
  keywords={Monitoring;Cutting tools;Predictive models;Hidden Markov models;Estimation;Feature extraction;Neural networks;Health monitoring;multi-sensors fusion;uncertainty quantification;machine tools;tool wear estimation},
  doi={10.1109/JSEN.2022.3175722}}
